@MISC{Hu13guideto,
    author = {Vincent C. Hu and David Ferraiolo and Rick Kuhn and Arthur R. Friedman and Alan J. Lang and Margaret M. Cogdell and Adam Schnitzer and Kenneth Sandlin and Robert Miller and Karen Scarfone and Scarfone Cybersecurity},
    title = {Guide to Attribute Based Access Control (ABAC) Definition and Considerations (Draft)},
    year = {2013}
}

@article{Coyne:2013,
author = {Ed Coyne and Timothy R. Weil},
title = {ABAC and RBAC: Scalable, Flexible, and Auditable Access Management},
journal ={IT Professional},
volume = {15},
number = {3},
issn = {1520-9202},
year = {2013},
pages = {14-16},
doi = {http://doi.ieeecomputersociety.org/10.1109/MITP.2013.37},
publisher = {IEEE Computer Society},
address = {Los Alamitos, CA, USA},
}

@inproceedings{Frank,
 author = {Frank, Mario and Streich, Andreas P. and Basin, David and Buhmann, Joachim M.},
 title = {A Probabilistic Approach to Hybrid Role Mining},
 booktitle = {Proceedings of the 16th ACM Conference on Computer and Communications Security},
 series = {CCS '09},
 year = {2009},
 isbn = {978-1-60558-894-0},
 location = {Chicago, Illinois, USA},
 pages = {101--111},
 numpages = {11},
 url = {http://doi.acm.org/10.1145/1653662.1653675},
 doi = {10.1145/1653662.1653675},
 acmid = {1653675},
 publisher = {ACM},
 address = {New York, NY, USA},
 keywords = {business meaning, hybrid role mining, machine learning, rbac, role mining},
} 

@inproceedings{Xu,
 author = {Xu, Zhongyuan and Stoller, Scott D.},
 title = {Algorithms for Mining Meaningful Roles},
 booktitle = {Proceedings of the 17th ACM Symposium on Access Control Models and Technologies},
 series = {SACMAT '12},
 year = {2012},
 isbn = {978-1-4503-1295-0},
 location = {Newark, New Jersey, USA},
 pages = {57--66},
 numpages = {10},
 url = {http://doi.acm.org/10.1145/2295136.2295146},
 doi = {10.1145/2295136.2295146},
 acmid = {2295146},
 publisher = {ACM},
 address = {New York, NY, USA},
 keywords = {role mining, role-based access control},
}

@article{Coyne:2011,
 author = {Coyne, Edward J. and Weil, Timothy R. and Kuhn, Rick},
 title = {Role Engineering: Methods and Standards},
 journal = {IT Professional},
 issue_date = {November 2011},
 volume = {13},
 number = {6},
 month = nov,
 year = {2011},
 issn = {1520-9202},
 pages = {54--57},
 numpages = {4},
 url = {http://dx.doi.org/10.1109/MITP.2011.105},
 doi = {10.1109/MITP.2011.105},
 acmid = {2086430},
 publisher = {IEEE Educational Activities Department},
 address = {Piscataway, NJ, USA},
 keywords = {Keywords: Standards, role-based access control (RBAC), role engineering, information technology},
} 

@inproceedings{Molloy,
 author = {Molloy, Ian and Chen, Hong and Li, Tiancheng and Wang, Qihua and Li, Ninghui and Bertino, Elisa and Calo, Seraphin and Lobo, Jorge},
 title = {Mining Roles with Semantic Meanings},
 booktitle = {Proceedings of the 13th ACM Symposium on Access Control Models and Technologies},
 series = {SACMAT '08},
 year = {2008},
 isbn = {978-1-60558-129-3},
 location = {Estes Park, CO, USA},
 pages = {21--30},
 numpages = {10},
 url = {http://doi.acm.org/10.1145/1377836.1377840},
 doi = {10.1145/1377836.1377840},
 acmid = {1377840},
 publisher = {ACM},
 address = {New York, NY, USA},
 keywords = {RBAC, role engineering, role mining},
} 

@article{Lu,
  added-at = {2012-09-25T00:00:00.000+0200},
  author = {Lu, Haibing and Vaidya, Jaideep and Atluri, Vijayalakshmi and Hong, Yuan},
  biburl = {http://www.bibsonomy.org/bibtex/293488542afcd56e55f5a42519245fc4a/dblp},
  ee = {http://doi.ieeecomputersociety.org/10.1109/TDSC.2012.21},
  interhash = {473b3e4a4ffcfdec4f47dc505400c8b1},
  intrahash = {93488542afcd56e55f5a42519245fc4a},
  journal = {IEEE Trans. Dependable Sec. Comput.},
  keywords = {dblp},
  number = 5,
  pages = {655-669},
  timestamp = {2012-09-26T11:35:53.000+0200},
  title = {Constraint-Aware Role Mining via Extended Boolean Matrix Decomposition.},
  url = {http://dblp.uni-trier.de/db/journals/tdsc/tdsc9.html#LuVAH12},
  volume = 9,
  year = 2012
}

@book{Han,
 author = {Han, Jiawei},
 title = {Data Mining: Concepts and Techniques},
 year = {2005},
 isbn = {1558609016},
 publisher = {Morgan Kaufmann Publishers Inc.},
 address = {San Francisco, CA, USA},
}

@inproceedings{DuChang,
  author    = {Xuanni Du and
               Xiaolin Chang},
  title     = {Performance of {AI} algorithms for mining meaningful roles},
  booktitle = {Proceedings of the {IEEE} Congress on Evolutionary Computation, {CEC}
               2014, Beijing, China, July 6-11, 2014},
  pages     = {2070--2076},
  year      = {2014},
  crossref  = {DBLP:conf/cec/2014},
  url       = {http://dx.doi.org/10.1109/CEC.2014.6900321},
  doi       = {10.1109/CEC.2014.6900321},
  timestamp = {Fri, 26 Sep 2014 09:53:31 +0200},
  biburl    = {http://dblp.uni-trier.de/rec/bib/conf/cec/DuC14},
  bibsource = {dblp computer science bibliography, http://dblp.org}
}

@conference{Kunz,
author={Michael Kunz and Ludwig Fuchs and Michael Netter and Günther Pernul},
title={Analyzing Quality Criteria in Role-based Identity and Access Management},
booktitle={Proceedings of the 1st International Conference on Information Systems Security and Privacy },
year={2015},
pages={64-72},
doi={10.5220/0005232100640072},
isbn={978-989-758-081-9},
}

@book{Eiben,
 author = "Eiben, Agoston E. and Smith, J. E.",
 title = "Introduction to Evolutionary Computing",
 year = "2003",
 isbn = "3540401849",
 publisher = "SpringerVerlag",
}

@inproceedings{Igor,
 author = {Saenko, Igor and Kotenko, Igor},
 title = {Genetic Algorithms for Role Mining Problem},
 booktitle = {Proceedings of the 2011 19th International Euromicro Conference on Parallel, Distributed and Network-Based Processing},
 series = {PDP '11},
 year = {2011},
 isbn = {978-0-7695-4328-4},
 pages = {646--650},
 numpages = {5},
 url = {http://dx.doi.org/10.1109/PDP.2011.63},
 doi = {10.1109/PDP.2011.63},
 acmid = {1963003},
 publisher = {IEEE Computer Society},
 address = {Washington, DC, USA},
 keywords = {role-based access control, role mining, information security, genetic algorithms},
} 

@inproceedings{Ene,
 author = {Ene, Alina and Horne, William and Milosavljevic, Nikola and Rao, Prasad and Schreiber, Robert and Tarjan, Robert E.},
 title = {Fast Exact and Heuristic Methods for Role Minimization Problems},
 booktitle = {Proceedings of the 13th ACM Symposium on Access Control Models and Technologies},
 series = {SACMAT '08},
 year = {2008},
 isbn = {978-1-60558-129-3},
 location = {Estes Park, CO, USA},
 pages = {1--10},
 numpages = {10},
 url = {http://doi.acm.org/10.1145/1377836.1377838},
 doi = {10.1145/1377836.1377838},
 acmid = {1377838},
 publisher = {ACM},
 address = {New York, NY, USA},
 keywords = {role mining, role-based access control},
}

@inproceedings{Vaidya:2006:RMR:1180405.1180424,
 author = {Vaidya, Jaideep and Atluri, Vijayalakshmi and Warner, Janice},
 title = {RoleMiner: Mining Roles Using Subset Enumeration},
 booktitle = {Proceedings of the 13th ACM Conference on Computer and Communications Security},
 series = {CCS '06},
 year = {2006},
 isbn = {1-59593-518-5},
 location = {Alexandria, Virginia, USA},
 pages = {144--153},
 numpages = {10},
 url = {http://doi.acm.org/10.1145/1180405.1180424},
 doi = {10.1145/1180405.1180424},
 acmid = {1180424},
 publisher = {ACM},
 address = {New York, NY, USA},
 keywords = {RBAC, role engineering, role mining},
} 

@article{o20102010,
  title={2010 Economic Analysis of Role-Based Access Control},
  author={O’Connor, Alan C and Loomis, Ross J},
  journal={NIST, Gaithersburg, MD},
  volume={20899},
  year={2010}
}

@MISC{Hu13guideto,
    author = {Vincent C. Hu and David Ferraiolo and Rick Kuhn and Arthur R. Friedman and Alan J. Lang and Margaret M. Cogdell and Adam Schnitzer and Kenneth Sandlin and Robert Miller and Karen Scarfone and Vincent C. Hu and David Ferraiolo and Rick Kuhn and Arthur R. Friedman and Alan J. Lang and Margaret M. Cogdell and Adam Schnitzer and Kenneth Sandlin and Robert Miller and Karen Scarfone and Scarfone Cybersecurity},
    title = {Guide to Attribute Based Access Control (ABAC) Definition and Considerations (Draft)},
    year = {2013}
}

@inproceedings{sandhu2000nist,
  title={The NIST model for role-based access control: towards a unified standard},
  author={Sandhu, Ravi and Ferraiolo, David and Kuhn, Richard},
  booktitle={ACM workshop on Role-based access control},
  volume={2000},
  year={2000}
}

@article{coyne2011role,
  title={Role engineering: Methods and standards},
  author={Coyne, Edward J and Weil, Timothy R and Kuhn, Rick},
  journal={IT Professional},
  number={6},
  pages={54--57},
  year={2011},
  publisher={IEEE}
}

@article{Frank2013,
 author = {Frank, Mario and Buhman, Joachim M. and Basin, David},
 title = {Role Mining with Probabilistic Models},
 journal = {ACM Trans. Inf. Syst. Secur.},
 issue_date = {April 2013},
 volume = {15},
 number = {4},
 month = apr,
 year = {2013},
 issn = {1094-9224},
 pages = {15:1--15:28},
 articleno = {15},
 numpages = {28},
 url = {http://doi.acm.org/10.1145/2445566.2445567},
 doi = {10.1145/2445566.2445567},
 acmid = {2445567},
 publisher = {ACM},
 address = {New York, NY, USA},
 keywords = {RBAC, Role mining, access control, clustering, matrix factorization},
} 

@INPROCEEDINGS{6274146, 
author={Mandala, S. and Vukovic, M. and Laredo, J. and Yaoping Ruan and Hernandez, M.}, 
booktitle={Services Computing (SCC), 2012 IEEE Ninth International Conference on}, 
title={Hybrid Role Mining for Security Service Solution}, 
year={2012}, 
pages={210-217}, 
keywords={authorisation;business data processing;data mining;graph theory;IT services delivery;IT systems;RBAC;artificial organizational access control data;business function;enterprise;graph theoretical properties;hybrid role mining;identity management system;real organizational access control data;role based access control;role detection;role discovery process;security service solution;service delivery centers;user-permission assignments;user-permission bipartite graph;Access control;Accuracy;Algorithm design and analysis;Data mining;Organizations;Permission;Graph Theory;RBAC;Role Mining}, 
doi={10.1109/SCC.2012.57}, 
month={June},}

@inproceedings{Kuhlmann,
 author = {Kuhlmann, Martin and Shohat, Dalia and Schimpf, Gerhard},
 title = {Role Mining - Revealing Business Roles for Security Administration Using Data Mining Technology},
 booktitle = {Proceedings of the Eighth ACM Symposium on Access Control Models and Technologies},
 series = {SACMAT '03},
 year = {2003},
 isbn = {1-58113-681-1},
 location = {Como, Italy},
 pages = {179--186},
 numpages = {8},
 url = {http://doi.acm.org/10.1145/775412.775435},
 doi = {10.1145/775412.775435},
 acmid = {775435},
 publisher = {ACM},
 address = {New York, NY, USA},
 keywords = {data mining, enterprise systems management, identity management, migration, provisioning, role engineering, role-based access control, security administration, security data models, security management, single point of administration and control},
} 

@article{Deb:2002,
 author = {Deb, K. and Pratap, A. and Agarwal, S. and Meyarivan, T.},
 title = {A Fast and Elitist Multiobjective Genetic Algorithm: NSGA-II},
 journal = {Trans. Evol. Comp},
 issue_date = {April 2002},
 volume = {6},
 number = {2},
 month = apr,
 year = {2002},
 issn = {1089-778X},
 pages = {182--197},
 numpages = {16},
 url = {http://dx.doi.org/10.1109/4235.996017},
 doi = {10.1109/4235.996017},
 acmid = {2221582},
 publisher = {IEEE Press},
 address = {Piscataway, NJ, USA},
}

@inproceedings{saenko2012design,
  title={Design and performance evaluation of improved genetic algorithm for role mining problem},
  author={Saenko, Igor and Kotenko, Igor},
  booktitle={Parallel, Distributed and Network-Based Processing (PDP), 2012 20th Euromicro International Conference on},
  pages={269--274},
  year={2012},
  organization={IEEE}
}

@inproceedings{Vaidya:2007,
 author = {Vaidya, Jaideep and Atluri, Vijayalakshmi and Guo, Qi},
 title = {The Role Mining Problem: Finding a Minimal Descriptive Set of Roles},
 booktitle = {Proceedings of the 12th ACM Symposium on Access Control Models and Technologies},
 series = {SACMAT '07},
 year = {2007},
 isbn = {978-1-59593-745-2},
 location = {Sophia Antipolis, France},
 pages = {175--184},
 numpages = {10},
 url = {http://doi.acm.org/10.1145/1266840.1266870},
 doi = {10.1145/1266840.1266870},
 acmid = {1266870},
 publisher = {ACM},
 address = {New York, NY, USA},
 keywords = {RBAC, role engineering, role mining},
}

@INPROCEEDINGS{4497438, 
author={Haibing Lu and Vaidya, J. and Atluri, V.}, 
booktitle={Data Engineering, 2008. ICDE 2008. IEEE 24th International Conference on}, 
title={Optimal Boolean Matrix Decomposition: Application to Role Engineering}, 
year={2008}, 
pages={297-306}, 
keywords={Boolean algebra;data mining;integer programming;binary integer programming;binary matrix;knowledge discovery;optimal Boolean matrix decomposition;role engineering;role mining problem;text mining;Access control;Costs;Data engineering;Data security;Databases;Knowledge engineering;Linear programming;Matrix decomposition;Permission;Text mining}, 
doi={10.1109/ICDE.2008.4497438}, 
month={April},}

@article{Frank:2013,
 author = {Frank, Mario and Buhman, Joachim M. and Basin, David},
 title = {Role Mining with Probabilistic Models},
 journal = {ACM Trans. Inf. Syst. Secur.},
 issue_date = {April 2013},
 volume = {15},
 number = {4},
 month = apr,
 year = {2013},
 issn = {1094-9224},
 pages = {15:1--15:28},
 articleno = {15},
 numpages = {28},
 url = {http://doi.acm.org/10.1145/2445566.2445567},
 doi = {10.1145/2445566.2445567},
 acmid = {2445567},
 publisher = {ACM},
 address = {New York, NY, USA},
 keywords = {RBAC, Role mining, access control, clustering, matrix factorization},
}

@article{Sandhu:1996,
 author = {Sandhu, Ravi S. and Coyne, Edward J. and Feinstein, Hal L. and Youman, Charles E.},
 title = {Role-Based Access Control Models},
 journal = {Computer},
 issue_date = {February 1996},
 volume = {29},
 number = {2},
 month = feb,
 year = {1996},
 issn = {0018-9162},
 pages = {38--47},
 numpages = {10},
 url = {http://dx.doi.org/10.1109/2.485845},
 doi = {10.1109/2.485845},
 acmid = {226710},
 publisher = {IEEE Computer Society Press},
 address = {Los Alamitos, CA, USA},
} 

@inproceedings{Moffett:1998,
 author = {Moffett, Jonathan D.},
 title = {Control Principles and Role Hierarchies},
 booktitle = {Proceedings of the Third ACM Workshop on Role-based Access Control},
 series = {RBAC '98},
 year = {1998},
 isbn = {1-58113-113-5},
 location = {Fairfax, Virginia, USA},
 pages = {63--69},
 numpages = {7},
 url = {http://doi.acm.org/10.1145/286884.286900},
 doi = {10.1145/286884.286900},
 acmid = {286900},
 publisher = {ACM},
 address = {New York, NY, USA},
}

@inproceedings{DeRainville:2012,
 author = {De Rainville, Fran\c{c}ois-Michel and Fortin, F{\'e}lix-Antoine and Gardner, Marc-Andr{\'e} and Parizeau, Marc and Gagn{\'e}, Christian},
 title = {DEAP: A Python Framework for Evolutionary Algorithms},
 booktitle = {Proceedings of the 14th Annual Conference Companion on Genetic and Evolutionary Computation},
 series = {GECCO '12},
 year = {2012},
 isbn = {978-1-4503-1178-6},
 location = {Philadelphia, Pennsylvania, USA},
 pages = {85--92},
 numpages = {8},
 url = {http://doi.acm.org/10.1145/2330784.2330799},
 doi = {10.1145/2330784.2330799},
 acmid = {2330799},
 publisher = {ACM},
 address = {New York, NY, USA},
 keywords = {parallel evolutionary algorithms, software tools},
}

@article{Kotenko:2015,
 author = {Kotenko, Igor and Saenko, Igor},
 title = {Improved Genetic Algorithms for Solving the Optimisation Tasks for Design of Access Control Schemes in Computer Networks},
 journal = {Int. J. Bio-Inspired Comput.},
 issue_date = {May 2015},
 volume = {7},
 number = {2},
 month = may,
 year = {2015},
 issn = {1758-0366},
 pages = {98--110},
 numpages = {13},
 url = {http://dx.doi.org/10.1504/IJBIC.2015.069291},
 doi = {10.1504/IJBIC.2015.069291},
 acmid = {2777042},
 publisher = {Inderscience Publishers},
 address = {Inderscience Publishers, Geneva, SWITZERLAND},
} 

@misc{roleMiningExample,
  author = {Mario Frank},
  title = {{Role Mining}},
  howpublished = "\url{http://www.mariofrank.net/rolemining.html}",
  note = "[Online; accessed 30-October-2015]"
}

@ARTICLE{949485, 
author={Takagi, H.}, 
journal={Proceedings of the IEEE}, 
title={Interactive evolutionary computation: fusion of the capabilities of EC optimization and human evaluation}, 
year={2001}, 
volume={89}, 
number={9}, 
pages={1275-1296}, 
keywords={computer graphics;data mining;evolutionary computation;human factors;interactive systems;robots;user interfaces;animation;computational intelligence;computer graphics;data mining;graphic arts;human factors;interactive evolutionary computation;robotics;user interface;Application software;Art;Computer graphics;Computer industry;Electrical equipment industry;Evolutionary computation;Facial animation;Food industry;Humans;IEC}, 
doi={10.1109/5.949485}, 
ISSN={0018-9219}, 
month={Sep},}

@inproceedings{Fogel:1997,
 author = {Fogel, David B.},
 title = {The Advantages of Evolutionary Computation},
 booktitle = {Biocomputing and Emergent Computation: Proceedings of BCEC97},
 year = {1997},
 isbn = {981-02-3262-4},
 pages = {1--11},
 numpages = {11},
 url = {http://dl.acm.org/citation.cfm?id=648178.749054},
 acmid = {749054},
 publisher = {World Scientific Press},
} 

@book{abraham2005evolutionary,
  title={Evolutionary multiobjective optimization},
  author={Abraham, Ajith and Jain, Lakhmi},
  year={2005},
  publisher={Springer}
}

@article{tassey2002economic,
  title={The economic impact of role-based access control},
  author={Tassey, Gregory and Gallaher, Michael P and O’Connor, Alan C and Kropp, Brian},
  journal={Economic Analysis},
  year={2002}
}

@inproceedings{vaidya2012boolean,
  title={Boolean matrix decomposition problem: Theory, variations and applications to data engineering},
  author={Vaidya, Jaideep},
  booktitle={Data Engineering (ICDE), 2012 IEEE 28th International Conference on},
  pages={1222--1224},
  year={2012},
  organization={IEEE}
}

@inproceedings{Montrieux:2011,
 author = {Montrieux, Lionel and Wermelinger, Michel and Yu, Yijun},
 title = {Challenges in Model-based Evolution and Merging of Access Control Policies},
 booktitle = {Proceedings of the 12th International Workshop on Principles of Software Evolution and the 7th Annual ERCIM Workshop on Software Evolution},
 series = {IWPSE-EVOL '11},
 year = {2011},
 isbn = {978-1-4503-0848-9},
 location = {Szeged, Hungary},
 pages = {116--120},
 numpages = {5},
 url = {http://doi.acm.org/10.1145/2024445.2024467},
 doi = {10.1145/2024445.2024467},
 acmid = {2024467},
 publisher = {ACM},
 address = {New York, NY, USA},
 keywords = {access control, evolution, incremental verification, merging, model, ocl, rbac, security, uml, verification},
} 

@article{clune2013evolutionary,
  title={The evolutionary origins of modularity},
  author={Clune, Jeff and Mouret, Jean-Baptiste and Lipson, Hod},
  journal={Proceedings of the Royal Society of London B: Biological Sciences},
  volume={280},
  number={1755},
  pages={20122863},
  year={2013},
  publisher={The Royal Society}
}

@inproceedings{Fortin:2013,
 author = {Fortin, F{\'e}lix-Antoine and Parizeau, Marc},
 title = {Revisiting the NSGA-II Crowding-distance Computation},
 booktitle = {Proceedings of the 15th Annual Conference on Genetic and Evolutionary Computation},
 series = {GECCO '13},
 year = {2013},
 isbn = {978-1-4503-1963-8},
 location = {Amsterdam, The Netherlands},
 pages = {623--630},
 numpages = {8},
 url = {http://doi.acm.org/10.1145/2463372.2463456},
 doi = {10.1145/2463372.2463456},
 acmid = {2463456},
 publisher = {ACM},
 address = {New York, NY, USA},
 keywords = {crowding distance, multi-objective evolutionary algorithms, nsga-ii},
}

@inproceedings{Fortin:2013:GIR:2463372.2463454,
 author = {Fortin, F{\'e}lix-Antoine and Grenier, Simon and Parizeau, Marc},
 title = {Generalizing the Improved Run-time Complexity Algorithm for Non-dominated Sorting},
 booktitle = {Proceedings of the 15th Annual Conference on Genetic and Evolutionary Computation},
 series = {GECCO '13},
 year = {2013},
 isbn = {978-1-4503-1963-8},
 location = {Amsterdam, The Netherlands},
 pages = {615--622},
 numpages = {8},
 url = {http://doi.acm.org/10.1145/2463372.2463454},
 doi = {10.1145/2463372.2463454},
 acmid = {2463454},
 publisher = {ACM},
 address = {New York, NY, USA},
 keywords = {non-dominated sort, time complexity},
} 

@article{clune2013evolutionary,
  title={The evolutionary origins of modularity},
  author={Clune, Jeff and Mouret, Jean-Baptiste and Lipson, Hod},
  journal={Proceedings of the Royal Society of London B: Biological Sciences},
  volume={280},
  number={1755},
  pages={20122863},
  year={2013},
  publisher={The Royal Society}
}

@inproceedings{rawashdeh2012fuzzy,
  title={Fuzzy cluster validity with generalized silhouettes},
  author={Rawashdeh, Mohammad and Ralescu, Anca},
  booktitle={Proceedings of the 23rd Annual Midwest Artificial Intelligence and Cognitive Science Conference, Cincinnati, Ohio, April},
  pages={11--18},
  year={2012},
  organization={Citeseer}
}

@INPROCEEDINGS{Cohen95fasteffective,
    author = {William W. Cohen},
    title = {Fast Effective Rule Induction},
    booktitle = {In Proceedings of the Twelfth International Conference on Machine Learning},
    year = {1995},
    pages = {115--123},
    publisher = {Morgan Kaufmann}
}

@article{Molloy:2010,
 author = {Molloy, Ian and Chen, Hong and Li, Tiancheng and Wang, Qihua and Li, Ninghui and Bertino, Elisa and Calo, Seraphin and Lobo, Jorge},
 title = {Mining Roles with Multiple Objectives},
 journal = {ACM Trans. Inf. Syst. Secur.},
 issue_date = {December 2010},
 volume = {13},
 number = {4},
 month = dec,
 year = {2010},
 issn = {1094-9224},
 pages = {36:1--36:35},
 articleno = {36},
 numpages = {35},
 url = {http://doi.acm.org/10.1145/1880022.1880030},
 doi = {10.1145/1880022.1880030},
 acmid = {1880030},
 publisher = {ACM},
 address = {New York, NY, USA},
 keywords = {RBAC, role engineering, role mining},
} 